% 
%  

@article{veronesi2010paulson,
  title={{Paulson's Gift}},
  author={Veronesi, Pietro and Zingales, Luigi},
  journal={Journal of Financial Economics},
  volume={97},
  number={3},
  pages={339--368},
  year={2010},
  publisher={Elsevier}
}

@article{storero2009redeem,
  title={{To Redeem or Not to Redeem: Considerations in Determining Whether to Exit the TARP Capital Purchase Program}},
  author={Storero, Jane K and Wiseman, Lawrence R},
  journal={Banking LJ},
  volume={126},
  pages={625},
  year={2009},
  publisher={HeinOnline}
}

@article{perdue2011administering,
  title={{Administering Crisis: The Success of Alternative Accountability Mechanisms in the Capital Purchase Program}},
  author={Perdue, William},
  journal={Yale Law \& Policy Review},
  volume={29},
  number={1},
  pages={295},
  year={2011}
}

@article{bayazitova2012assessing,
  title={{Assessing TARP}},
  author={Bayazitova, Dinara and Shivdasani, Anil},
  journal={Review of Financial Studies},
  volume={25},
  number={2},
  pages={377--407},
  year={2012},
  publisher={Soc Financial Studies}
}

@article{hoshi2010will,
  title={{Will the US Bank Recapitalization Succeed? Eight lessons from Japan}},
  author={Hoshi, Takeo and Kashyap, Anil K},
  journal={Journal of Financial Economics},
  volume={97},
  number={3},
  pages={398--417},
  year={2010},
  publisher={Elsevier}
}